<record><leader>00000cas a22000007a 4500</leader><controlfield tag="001">11060862</controlfield><controlfield tag="008">840816d18561908vauwr ne      0    0eng d</controlfield><datafield ind1=" " ind2=" " tag="010"><subfield code="a">sn 89053987 </subfield></datafield><datafield ind1=" " ind2=" " tag="040"><subfield code="a">NMF</subfield><subfield code="b">eng</subfield><subfield code="c">NMF</subfield><subfield code="d">NLG</subfield><subfield code="d">MGN</subfield><subfield code="d">DLC</subfield><subfield code="d">CNK</subfield><subfield code="d">CNW</subfield><subfield code="d">CNK</subfield><subfield code="d">NVK</subfield><subfield code="d">OCL</subfield><subfield code="d">VA@</subfield><subfield code="d">OCLCO</subfield><subfield code="d">AQM</subfield><subfield code="d">OCLCF</subfield></datafield><datafield ind1="1" ind2=" " tag="029"><subfield code="a">AU@</subfield><subfield code="b">000020224290</subfield></datafield><datafield ind1=" " ind2=" " tag="042"><subfield code="a">msc</subfield></datafield><datafield ind1=" " ind2="4" tag="050"><subfield code="a">BX8960</subfield><subfield code="b">.C45</subfield></datafield><datafield ind1="0" ind2="4" tag="245"><subfield code="a">The Central Presbyterian.</subfield></datafield><datafield ind1=" " ind2=" " tag="260"><subfield code="a">Richmond, Va. :</subfield><subfield code="b">Moore, Hoge &amp; Co.,</subfield><subfield code="c">1856-1908.</subfield></datafield><datafield ind1=" " ind2=" " tag="300"><subfield code="a">v.</subfield></datafield><datafield ind1=" " ind2=" " tag="310"><subfield code="a">Weekly</subfield></datafield><datafield ind1="0" ind2=" " tag="362"><subfield code="a">Vol. 1, no. 1 (Jan, 5, 1856)-v. 43, no. 53 (Dec. 30, 1908).</subfield></datafield><datafield ind1=" " ind2=" " tag="500"><subfield code="a">Published in periodical format, &lt;1908&gt;.</subfield></datafield><datafield ind1=" " ind2=" " tag="500"><subfield code="a">Editor: William Brown, &lt;1859&gt;-July 11, 1879.</subfield></datafield><datafield ind1=" " ind2=" " tag="500"><subfield code="a">Publisher varies: Richardson &amp; Southall, July 18, 1879-&lt;1890&gt; ; Richardson and Smith, &lt;1890&gt;-&lt;Sept.&gt;, 1895 ; James P. Smith, Sept. 18, 1895-</subfield></datafield><datafield ind1=" " ind2=" " tag="515"><subfield code="a">New ser.  Vol. 1, no. 1 (Aug. 10, 1865)-</subfield></datafield><datafield ind1=" " ind2=" " tag="530"><subfield code="a">Microfilm available from New York Public Library.</subfield></datafield><datafield ind1=" " ind2=" " tag="580"><subfield code="a">Merged with: South-western Presbyterian, and: Southern Presbyterian to form: Presbyterian of the South.</subfield></datafield><datafield ind1="2" ind2="0" tag="610"><subfield code="a">Presbyterian Church in the United States.</subfield></datafield><datafield ind1=" " ind2="0" tag="650"><subfield code="a">Presbyterian Church</subfield><subfield code="z">Virginia</subfield><subfield code="v">Newspapers.</subfield></datafield><datafield ind1=" " ind2="0" tag="650"><subfield code="a">Presbyterians</subfield><subfield code="z">United States</subfield><subfield code="v">Newspapers.</subfield></datafield><datafield ind1=" " ind2="0" tag="651"><subfield code="a">Richmond (Va.)</subfield><subfield code="v">Newspapers.</subfield></datafield><datafield ind1=" " ind2="4" tag="655"><subfield code="a">Religious newspapers.</subfield></datafield><datafield ind1=" " ind2="7" tag="655"><subfield code="a">Newspapers.</subfield><subfield code="2">fast</subfield><subfield code="0">(OCoLC)fst01423814</subfield></datafield><datafield ind1="2" ind2="7" tag="610"><subfield code="a">Presbyterian Church in the U.S.</subfield><subfield code="2">fast</subfield><subfield code="0">(OCoLC)fst00544868</subfield></datafield><datafield ind1=" " ind2="7" tag="650"><subfield code="a">Presbyterian Church.</subfield><subfield code="2">fast</subfield><subfield code="0">(OCoLC)fst01075515</subfield></datafield><datafield ind1=" " ind2="7" tag="650"><subfield code="a">Presbyterians.</subfield><subfield code="2">fast</subfield><subfield code="0">(OCoLC)fst01075567</subfield></datafield><datafield ind1=" " ind2="7" tag="651"><subfield code="a">United States.</subfield><subfield code="2">fast</subfield><subfield code="0">(OCoLC)fst01204155</subfield></datafield><datafield ind1=" " ind2="7" tag="651"><subfield code="a">Virginia.</subfield><subfield code="2">fast</subfield><subfield code="0">(OCoLC)fst01204597</subfield></datafield><datafield ind1=" " ind2="7" tag="651"><subfield code="a">Virginia</subfield><subfield code="z">Richmond.</subfield><subfield code="2">fast</subfield><subfield code="0">(OCoLC)fst01205345</subfield></datafield><datafield ind1=" " ind2=" " tag="752"><subfield code="a">United States</subfield><subfield code="b">Virginia</subfield><subfield code="d">Richmond.</subfield></datafield><datafield ind1="0" ind2="0" tag="780"><subfield code="t">Watchman and observer</subfield><subfield code="w">(DLC)sn 94059319</subfield></datafield><datafield ind1="1" ind2="7" tag="785"><subfield code="t">South-western Presbyterian</subfield><subfield code="w">(DLC)sn 89059046</subfield></datafield><datafield ind1="1" ind2="7" tag="785"><subfield code="t">Southern Presbyterian</subfield><subfield code="w">(DLC)sn 89053990</subfield></datafield><datafield ind1="1" ind2="7" tag="785"><subfield code="t">Presbyterian of the South</subfield><subfield code="w">(OCoLC)8449383</subfield><subfield code="w">(DLC)sn 10021978</subfield></datafield></record>